@book{wiki1,
  title={ТОЧНОЕ ЗЕМЛЕДЕЛИЕ: ТЕОРИЯ И ПРАКТИКА},
  author={{Якушев В. В.}},
  pages={364},
  year={2016},
  publisher={СПб.:ФГБНУ АФИ}
}

@article{kursk,
    authors = {{Шайтура С.В., Коломейцев А.В., Позняк И.И., Минитаева А.М., Прохоров Ю.Н.}},
    title = {ТОЧНОЕ ЗЕМЛЕДЕЛИЕ КАК ОДИН ИЗ АСПЕКТОВ ЦИФРОВИЗАЦИИ СЕЛЬСКОГО ХОЗЯЙСТВА. [Электронный ресурс]},
    journal = {Вестник Курской государственной сельскохозяйственной академии},
    year = {2022},
    url = {https://cyberleninka.ru/article/n/tochnoe-zemledelie-kak-odin-iz-aspektov-tsifrovizatsii-selskogo-hozyaystva}
}

@misc{onesoil_blog,
  author = "Всеволод Генин",
  title = "Что такое точное земледелие и как начать его использовать. [Электронный ресурс]",
  year = "2023",
  url = "https://blog.onesoil.ai/ru/what-is-precision-farming",
}

@misc{bis,
  author = {{Статья компании "Б-Истокское РТПС"}},
  title = "Точное земледелие в современном сельском хозяйстве. Плюсы и минусы технологии. [Электронный ресурс]",
  year = "2021",
  url = "https://istokrtps.ru/stati/tochnoe-zemledelie",
}

@misc{smartagro,
    title = "Сайт SmartAGRO [Электронный ресурс]",
    url = "https://smartagro.ru"
}

@misc{cropwise,
    title = "Сайт Cropwise Operations [Электронный ресурс]",
    url = "https://operations.cropwise.com"
}

@misc{qgis,
    title = "Сайт QGIS [Электронный ресурс]",
    url = "https://www.qgis.org/ru/site/"
}


@misc{onesoil,
    title = "Сайт OneSoil [Электронный ресурс]",
    url = "https://onesoil.ai/ru"
}


@misc{agrosignal,
    title = "Сайт АгроСигнал [Электронный ресурс]",
    url = "https://agrosignal.com"
}

@misc{agromon,
    title = "Сайт АгроМон [Электронный ресурс]",
    url = "https://agromon.ru"
}


@misc{monovsmicro,
    author = {{Eric Schabell}},
      title = "Monolith vs. Microservice Architecture for Software Delivery. [Электронный ресурс]",
      year = "2023",
      url = "https://thenewstack.io/monolith-vs-microservice-architecture-for-software-delivery/",
}


@misc{baeldung,
      title = "Microservices vs. Monolithic Architectures. [Электронный ресурс]",
      year = "2023",
      url = "https://www.baeldung.com/cs/microservices-vs-monolithic-architectures",
}


@article{auth,
    author = {{S.Rajarajeswari, Ms.A.Maria Stella}},
    title = {A REVIEW OF AUTHENTICATION AND AUTHORIZATION METHODS [Электронный ресурс]},
    journal = {International Journal of Computer Science and Information Technology Research},
    year = {2019},
    url = {https://www.researchpublish.com/upload/book/A%20REVIEW%20OF%20AUTHENTICATION-7836.pdf},
    pages = {78}
}


@article{http,
    author = {{Mozilla Developer Network contributors}},
    title = {An overview of HTTP [Электронный ресурс]},
    year = {2023},
    url = {https://developer.mozilla.org/en-US/docs/Web/HTTP/Overview},
}


@book{rest_soap,
  title={Технологии веб-сервисов},
  author={{Дергачев А.М., Кореньков Ю.Д., Логинов И.П., Сафронов А.Г.}},
  pages={46-65},
  year={2021},
  publisher={СПб: Университет ИТМО}
}



@article{habr,
    author = {Олег Казаков},
    title = {Аутентификация и авторизация в проекте с микросервисной архитектурой: стратегии, практический пример. [Электронный ресурс]},
    year = {2023},
    url = {https://habr.com/ru/companies/spectr/articles/715290/},
}


@misc{jwt,
    title = "Introduction to JSON Web Tokens [Электронный ресурс]",
    url = "https://jwt.io/introduction"
}
  // .  №3. URL: https://cyberleninka.ru/article/n/tochnoe-zemledelie-kak-odin-iz-aspektov-tsifrovizatsii-selskogo-hozyaystva (дата обращения: 18.10.2023).



https://iastate.pressbooks.pub/introsoilscience/chapter/soil-maps-around-the-world/

@book{iowa,
  title={Introduction to Soil Science},
  author={{Amber Anderson}},
  pages={165-170},
  year={2023 },
  publisher={Iowa State University Digital Press}
}

@article{elsevier,
    author = {{Kwang Soo Kima, Byung Hyun Yooa, Vakhtang Sheliac, Cheryl H. Porterc, Gerrit Hoogenboomc}},
    title = {START: A data preparation tool for crop simulation models using web-based T soil databases},
    journal = {Computers and Electronics in Agriculture},
    publisher = {ELSEVIER},
    year = {2018},
    url = {https://www.sciencedirect.com/science/article/abs/pii/S0168169917313807?via%3Dihub},
}


@article{service,
    author = {{S. Chaudhary, V. Kumar}},
    title = {Service Oriented Architecture and Spatial Data Integration for Agro Advisory Systems},
    journal = {Geospatial Infrastructure, Applications and Technologies: India Case Studies},
    publisher = {SPRINGER},
    pages = {185-199},
    year = {2018},
    url = {https://link.springer.com/chapter/10.1007/978-981-13-2330-0_15},
}


@article{busel,
    author = {{В.А. Семёнов, В.И. Мирный}},
    title = {Принципы адаптации технологий возделывания сельскохозяйственных культур},
    journal = {Программирование урожаев сельскохозяйственных культур на Северо-Западе РСФСР. Л.},
    publisher = {СЗ- НИИСХ},
    pages = {4-9},
    year = {1988},
}


@book{design,
    author = {{Erich Gamma, Richard Helm, Ralph Johnson, John Vlissides}},
    title = {Design Patterns: Elements of Reusable Object-Oriented Software },
    publisher = {Addison-Wesley},
    year = {1994},
    pages = {16}
}

@article{aero1,
    author = {{Митрофанов Е. П., Петрушин А. Ф., Митрофанова О. А.}},
    title = {Использование данных аэрофотосъемки для обоснования прецизионных агроприемов применения агрохимикатов},
    journal = {Применение средств дистанционного зондирования Земли в сельском хозяйстве},
    pages = {212-217},
    year = {2018},
}


@article{aero2,
    author = {{Шпаар Д., Захаренко А., Якушев В. П., Арефьев Н. В., Ауернхаммер Х., Брунш Р., Вагнер П., Вартенберг Г., Венкель К-О., Вернер А., Войтюк Д., Герхардс Р., Даммер К., Домен Б., Каленская С., Кауфманн О., Клочков А., Кохан С., Ляйтхольд П., Лысов А. К., Гончаров Н., Мазиров М. А., Михайленко И., Нехай А., Неш Э., Нордмайер Х., Реклебен И., Хербст Р., Шеин Е., Шуманн П., Элерт Д., Эльмер Ф.}},
    title = {Точное сельское хозяйство},
    journal = { Санкт-Петербург: предприятие «Павел»},
    pages = {397},
    year = {2009},
}


@misc{python,
    title = "Python documentation.",
    url = "https://www.python.org"
}

@misc{fastapi,
    title = "FastAPI documenation. [Электронный ресурс].",
    url = "https://fastapi.tiangolo.com"
}

@misc{pydantic,
    title = "Pydantic documentation. [Электронный ресурс].",
    url = "https://docs.pydantic.dev/latest/"
}

@misc{nginx,
    title = "NGINX Reverse Proxy. [Электронный ресурс].",
    url = "https://docs.nginx.com/nginx/admin-guide/web-server/reverse-proxy/"
}


@misc{bcrypt,
  title = "bcrypt. [Электронный ресурс]. Wikipedia.",
  year = "2024",
  url = "https://en.wikipedia.org/wiki/Bcrypt",
}

@misc{HTTPX,
    title = "Документация HTTPX. [Электронный ресурс].",
    url = "https://www.python-httpx.org"
}

@misc{open_meteo,
    title = "Сайт Open-Meteo [Электронный ресурс]",
    url = "https://open-meteo.com"
}

@misc{yandex_weather,
    title = "Сайт API Яндекс Погоды [Электронный ресурс]",
    url = "https://yandex.ru/dev/weather/"
}

@misc{openweather,
    title = "Сайт OpenWeather [Электронный ресурс]",
    url = "https://openweathermap.org"
}


@misc{apscheduler,
    title = "Документация ApScheduler [Электронный ресурс]",
    url = "https://apscheduler.readthedocs.io"
}

@misc{pytest,
    title = "Документация библиотеки для тестирования Pytest [Электронный ресурс]",
    url = "https://docs.pytest.org/en/8.2.x/"
}

@misc{swagger,
    title = "Документация Swagger [Электронный ресурс]",
    url = "https://swagger.io"
}

@misc{postman,
    title = "Документация Postman [Электронный ресурс]",
    url = "https://www.postman.com"
}